<?xml version="1.0" encoding="UTF-8"?><collection xmlns="http://www.loc.gov/MARC21/slim"><record><leader>00432nam--2200133-i-4500</leader><controlfield tag="001">000025469</controlfield><controlfield tag="002">20161230</controlfield><controlfield tag="005">20161230201035</controlfield><controlfield tag="008">060222s1000------------r-----000-0-eng-d</controlfield><datafield ind1=" " ind2=" " tag="080"><subfield code="a">621.384.668</subfield></datafield><datafield ind1=" " ind2=" " tag="100"><subfield code="a">Jourdet, Gerard</subfield></datafield><datafield ind1=" " ind2=" " tag="245"><subfield code="a">Etude et realisation d`un dispositif de pulsation de faisceau par regroupement magnetique dans le domaine de la nanoseconde. these</subfield></datafield><datafield ind1=" " ind2=" " tag="260"><subfield code="a">Lyon, Faculte Des Sciences, 1964, 95p</subfield></datafield><datafield ind1=" " ind2=" " tag="852"><subfield code="a">19895</subfield></datafield></record></collection>